@Manual{R-base,
  title = {R: A Language and Environment for Statistical Computing},
  author = {{R Core Team}},
  organization = {R Foundation for Statistical Computing},
  address = {Vienna, Austria},
  year = {2022},
  url = {https://www.R-project.org/},
}

@Manual{R-future,
  title = {future: Unified Parallel and Distributed Processing in R for Everyone},
  author = {Henrik Bengtsson},
  year = {2023},
  note = {R package version 1.33.0},
  url = {https://CRAN.R-project.org/package=future},
}

@Manual{R-future.apply,
  title = {future.apply: Apply Function to Elements in Parallel using Futures},
  author = {Henrik Bengtsson},
  year = {2023},
  note = {R package version 1.11.0},
  url = {https://CRAN.R-project.org/package=future.apply},
}

@Manual{R-microbenchmark,
  title = {microbenchmark: Accurate Timing Functions},
  author = {Olaf Mersmann},
  year = {2023},
  note = {R package version 1.4.10},
  url = {https://github.com/joshuaulrich/microbenchmark/},
}

@Manual{R-pbapply,
  title = {pbapply: Adding Progress Bar to *apply Functions},
  author = {Peter Solymos and Zygmunt Zawadzki},
  year = {2023},
  note = {R package version 1.7-2},
  url = {https://github.com/psolymos/pbapply},
}

@Article{RJ-2021-048,
  author = {Henrik Bengtsson},
  title = {A Unifying Framework for Parallel and Distributed Processing in R using Futures},
  year = {2021},
  journal = {The R Journal},
  doi = {10.32614/RJ-2021-048},
  url = {https://doi.org/10.32614/RJ-2021-048},
  pages = {208--227},
  volume = {13},
  number = {2},
}

@Article{RJ-2021-048,
  author = {Henrik Bengtsson},
  title = {A Unifying Framework for Parallel and Distributed Processing in R using Futures},
  year = {2021},
  journal = {The R Journal},
  doi = {10.32614/RJ-2021-048},
  url = {https://doi.org/10.32614/RJ-2021-048},
  pages = {208--227},
  volume = {13},
  number = {2},
}

