@Manual{R-data.table,
  title = {data.table: Extension of `data.frame`},
  author = {Matt Dowle and Arun Srinivasan},
  year = {2021},
  note = {R package version 1.14.2},
  url = {https://CRAN.R-project.org/package=data.table},
}

@Manual{R-dbplyr,
  title = {dbplyr: A dplyr Back End for Databases},
  author = {Hadley Wickham and Maximilian Girlich and Edgar Ruiz},
  year = {2022},
  note = {R package version 2.2.1},
  url = {https://CRAN.R-project.org/package=dbplyr},
}

@Manual{R-dplyr,
  title = {dplyr: A Grammar of Data Manipulation},
  author = {Hadley Wickham and Romain François and Lionel Henry and Kirill Müller},
  year = {2022},
  note = {R package version 1.0.10},
  url = {https://CRAN.R-project.org/package=dplyr},
}

@Manual{R-dtplyr,
  title = {dtplyr: Data Table Back-End for dplyr},
  author = {Hadley Wickham and Maximilian Girlich and Mark Fairbanks and Ryan Dickerson},
  year = {2022},
  note = {R package version 1.2.2},
  url = {https://CRAN.R-project.org/package=dtplyr},
}

@Manual{R-magrittr,
  title = {magrittr: A Forward-Pipe Operator for R},
  author = {Stefan Milton Bache and Hadley Wickham},
  year = {2022},
  note = {R package version 2.0.3},
  url = {https://CRAN.R-project.org/package=magrittr},
}

@Manual{R-palmerpenguins,
  title = {palmerpenguins: Palmer Archipelago (Antarctica) Penguin Data},
  author = {Allison Horst and Alison Hill and Kristen Gorman},
  year = {2022},
  note = {R package version 0.1.1},
  url = {https://CRAN.R-project.org/package=palmerpenguins},
}

@Manual{R-reshape2,
  title = {reshape2: Flexibly Reshape Data: A Reboot of the Reshape Package},
  author = {Hadley Wickham},
  year = {2020},
  note = {R package version 1.4.4},
  url = {https://github.com/hadley/reshape},
}

@Manual{R-tibble,
  title = {tibble: Simple Data Frames},
  author = {Kirill Müller and Hadley Wickham},
  year = {2022},
  note = {R package version 3.1.8},
  url = {https://CRAN.R-project.org/package=tibble},
}

@Manual{R-tidyr,
  title = {tidyr: Tidy Messy Data},
  author = {Hadley Wickham and Maximilian Girlich},
  year = {2022},
  note = {R package version 1.2.1},
  url = {https://CRAN.R-project.org/package=tidyr},
}

@Article{reshape22007,
  title = {Reshaping Data with the {reshape} Package},
  author = {Hadley Wickham},
  journal = {Journal of Statistical Software},
  year = {2007},
  volume = {21},
  number = {12},
  pages = {1--20},
  url = {http://www.jstatsoft.org/v21/i12/},
}

