@Manual{R-abind,
  title = {abind: Combine Multidimensional Arrays},
  author = {Tony Plate and Richard Heiberger},
  year = {2016},
  note = {R package version 1.4-5},
  url = {https://CRAN.R-project.org/package=abind},
}

@Manual{R-base,
  title = {R: A Language and Environment for Statistical Computing},
  author = {{R Core Team}},
  organization = {R Foundation for Statistical Computing},
  address = {Vienna, Austria},
  year = {2022},
  url = {https://www.R-project.org/},
}

@Manual{R-microbenchmark,
  title = {microbenchmark: Accurate Timing Functions},
  author = {Olaf Mersmann},
  year = {2023},
  note = {R package version 1.4.10},
  url = {https://github.com/joshuaulrich/microbenchmark/},
}

